<?xml version="1.0" encoding="UTF-8"?><collection xmlns="http://www.loc.gov/MARC21/slim"><record><leader>00429nam--2200133-i-4500</leader><controlfield tag="001">000047990</controlfield><controlfield tag="002">20161230</controlfield><controlfield tag="005">20161230201046</controlfield><controlfield tag="008">060222s1000------------r-----000-0-eng-d</controlfield><datafield ind1=" " ind2=" " tag="080"><subfield code="a">616-073:621.039.83</subfield></datafield><datafield ind1=" " ind2=" " tag="100"><subfield code="a">Zerhouni, Azzedine</subfield></datafield><datafield ind1=" " ind2=" " tag="245"><subfield code="a">La radiodiagnostic du kyste hydatique du foie et de ses complictions</subfield></datafield><datafield ind1=" " ind2=" " tag="260"><subfield code="a">Algetr, Universite D`Aslger, Faculte Mixte De Medicine Et De Pharmacie, 1972, V + 140p</subfield></datafield><datafield ind1=" " ind2=" " tag="852"><subfield code="a">39007</subfield></datafield></record></collection>